@article{article,
author = {Awad, Adnan},
year = {2011},
month = {01},
pages = {},
title = {Theory of information. Fundamentality, diversity and unification},
journal = {Mathematical Reviews}
}